<record><leader>00000cas a2200000 a 4500</leader><controlfield tag="001">9754970</controlfield><controlfield tag="008">830729d1892194uohuwr ne      0    0eng c</controlfield><datafield ind1=" " ind2=" " tag="010"><subfield code="a">sn 83035387 </subfield></datafield><datafield ind1=" " ind2=" " tag="040"><subfield code="a">NPY</subfield><subfield code="b">eng</subfield><subfield code="c">NPY</subfield><subfield code="d">NPV</subfield><subfield code="d">DLC</subfield><subfield code="d">NJW</subfield><subfield code="d">YOX</subfield><subfield code="d">ONP</subfield><subfield code="d">MFN</subfield><subfield code="d">ONP</subfield><subfield code="d">KNP</subfield><subfield code="d">ONP</subfield><subfield code="d">CNK</subfield><subfield code="d">MHN</subfield><subfield code="d">NLG</subfield><subfield code="d">NVK</subfield><subfield code="d">CVF</subfield><subfield code="d">CRL</subfield><subfield code="d">OCL</subfield><subfield code="d">DLC</subfield><subfield code="d">KRTAS</subfield><subfield code="d">OCLCQ</subfield><subfield code="d">OCLCF</subfield><subfield code="d">OCLCO</subfield><subfield code="d">OCLCA</subfield></datafield><datafield ind1="1" ind2=" " tag="029"><subfield code="a">AU@</subfield><subfield code="b">000041225283</subfield></datafield><datafield ind1=" " ind2=" " tag="042"><subfield code="a">pcc</subfield></datafield><datafield ind1=" " ind2=" " tag="043"><subfield code="a">n-us-oh</subfield></datafield><datafield ind1="0" ind2="0" tag="050"><subfield code="a">Newspaper</subfield></datafield><datafield ind1="0" ind2=" " tag="130"><subfield code="a">Gazette (Cleveland, Ohio : 1892)</subfield></datafield><datafield ind1="1" ind2="4" tag="245"><subfield code="a">The gazette.</subfield></datafield><datafield ind1=" " ind2=" " tag="260"><subfield code="a">Cleveland, Ohio :</subfield><subfield code="b">H.C. Smith,</subfield><subfield code="c">1892-</subfield></datafield><datafield ind1=" " ind2=" " tag="300"><subfield code="a">v.</subfield></datafield><datafield ind1=" " ind2=" " tag="310"><subfield code="a">Weekly</subfield></datafield><datafield ind1="0" ind2=" " tag="362"><subfield code="a">10th year, no. 14 (Nov. 12, 1892)-</subfield></datafield><datafield ind1=" " ind2=" " tag="515"><subfield code="a">Suspended between Jan. 1943 and Sept. 1944.</subfield></datafield><datafield ind1=" " ind2=" " tag="530"><subfield code="a">Also issued on microfilm from Library of Congress, Photoduplication Service.</subfield></datafield><datafield ind1=" " ind2=" " tag="588"><subfield code="a">Latest issue consulted: 59th year, no. 22 (Jan. 3, 1942).</subfield></datafield><datafield ind1=" " ind2="0" tag="650"><subfield code="a">African American newspapers</subfield><subfield code="z">Ohio.</subfield></datafield><datafield ind1=" " ind2="0" tag="650"><subfield code="a">African Americans</subfield><subfield code="z">Ohio</subfield><subfield code="v">Newspapers.</subfield></datafield><datafield ind1=" " ind2="0" tag="651"><subfield code="a">Cuyahoga County (Ohio)</subfield><subfield code="v">Newspapers.</subfield></datafield><datafield ind1=" " ind2="0" tag="651"><subfield code="a">Cleveland (Ohio)</subfield><subfield code="v">Newspapers.</subfield></datafield><datafield ind1=" " ind2="7" tag="655"><subfield code="a">Newspapers.</subfield><subfield code="2">fast</subfield><subfield code="0">(OCoLC)fst01423814</subfield></datafield><datafield ind1=" " ind2="7" tag="650"><subfield code="a">African American newspapers.</subfield><subfield code="2">fast</subfield><subfield code="0">(OCoLC)fst00799278</subfield></datafield><datafield ind1=" " ind2="7" tag="650"><subfield code="a">African Americans.</subfield><subfield code="2">fast</subfield><subfield code="0">(OCoLC)fst00799558</subfield></datafield><datafield ind1=" " ind2="7" tag="651"><subfield code="a">Ohio.</subfield><subfield code="2">fast</subfield><subfield code="0">(OCoLC)fst01205075</subfield></datafield><datafield ind1=" " ind2="7" tag="651"><subfield code="a">Ohio</subfield><subfield code="z">Cleveland.</subfield><subfield code="2">fast</subfield><subfield code="0">(OCoLC)fst01205966</subfield></datafield><datafield ind1=" " ind2="7" tag="651"><subfield code="a">Ohio</subfield><subfield code="z">Cuyahoga County.</subfield><subfield code="2">fast</subfield><subfield code="0">(OCoLC)fst01202752</subfield></datafield><datafield ind1=" " ind2=" " tag="752"><subfield code="a">United States</subfield><subfield code="b">Ohio</subfield><subfield code="c">Cuyahoga</subfield><subfield code="d">Cleveland.</subfield></datafield><datafield ind1="0" ind2="0" tag="780"><subfield code="t">Cleveland gazette (Cleveland, Ohio : 1883)</subfield><subfield code="w">(DLC)sn 83035386</subfield><subfield code="w">(OCoLC)9754948</subfield></datafield><datafield ind1="0" ind2="0" tag="785"><subfield code="t">Cleveland gazette (Cleveland, Ohio : 1944)</subfield><subfield code="w">(DLC)sn 83035388</subfield><subfield code="w">(OCoLC)9754999</subfield></datafield><datafield ind1=" " ind2=" " tag="938"><subfield code="a">Kirtas Technologies, Inc.</subfield><subfield code="b">KRTS</subfield><subfield code="n">737193</subfield></datafield></record>